@online{incapBotReport2014,
	author = {Igal Zeifman},
	title = {2014 Bot Traffic Report: Just the Droids You were Looking for},
	year = 2014,
	url = {https://www.incapsula.com/blog/bot-traffic-report-2014.html},
	urldate = {2015-10-30}
}