@online{incapBotReport2015,
  author  = {Igal Zeifman},
  title   = {2015 Bot Traffic Report: Humans Take Back the Web, Bad Bots Not Giving Any Ground},
  year    = 2015,
  url     = {https://www.incapsula.com/blog/bot-traffic-report-2015.html},
  urldate = {2016-02-07}
}

@online{originTermSpam,
  author  = {Brad Templeton},
  title   = {Origin of the term “spam” to mean net abuse},
  url     = {http://www.templetons.com/brad/spamterm.html},
  urldate = {2016-02-05}
}

@online{junkMailProblem,
  author  = {Jon Postel},
  title   = {On the Junk Mail Problem},
  year    = 1975,
  url     = {http://tools.ietf.org/html/rfc706},
  urldate = {2016-02-05}
}

@online{spamMontyPython,
  author  = "{Monty Python}",
  title   = {Spam - Monty Python's The Flying Circus},
  year    = 2009,
  url     = {https://www.youtube.com/watch?v=M_eYSuPKP3Y},
  urldate = {2016-01-27}
}

@inbook{lifeDuringSecondWW,
  author  = {Norman Longmate},
  title   = {How We Lived Then: A History of Everyday Life During the Second World War},
  year    = 1971,
  publisher = {Random House UK},
  pages   = {142,159},
}